@article{Eberhard,
  title = {Background level and counter efficiencies required for a loophole-free Einstein-Podolsky-Rosen experiment},
  author = {Eberhard, Philippe H.},
  journal = {Phys. Rev. A},
  volume = {47},
  issue = {2},
  pages = {R747--R750},
  year = {1993},
  month = {Feb},
  doi = {10.1103/PhysRevA.47.R747},
  url = {http://link.aps.org/doi/10.1103/PhysRevA.47.R747},
  publisher = {American Physical Society}
}

@ARTICLE{ Zeilinger,
	author = { M. Giustina and A. Mech and S. Ramelow and B. Wittmann and J. Kofler and A. Lita and B. Calkins and T. Gerrits and S. Woo Nam and R. Ursin and A. Zeilinger },
	title = { Bell violation with entangled photons, free of the fair-sampling assumption },
	publisher = { Nature },
}

@article{EPR,
  title = {Can Quantum-Mechanical Description of Physical Reality Be Considered Complete?},
  author = {Einstein, A. and Podolsky, B. and Rosen, N.},
  journal = {Phys. Rev.},
  volume = {47},
  issue = {10},
  pages = {777--780},
  year = {1935},
  month = {May},
  doi = {10.1103/PhysRev.47.777},
  url = {http://link.aps.org/doi/10.1103/PhysRev.47.777},
  publisher = {American Physical Society}
}

@book{gelfand,
  title={Generalized Functions. Vol. 1: Properties and Operations},
  author={Gelfand, I.M. and Shilov, G.E.},
  url={http://books.google.ru/books?id=JzJ\_XwAACAAJ},
  year={1969},
  publisher={New York},
  pages= "13--17, 52--54"
}

@book{advanced_la,
  title={Advanced Linear Algebra},
  author={Roman, S.},
  isbn={9780387274744},
  series={Graduate Texts in Mathematics},
  url={http://books.google.ru/books?id=FV\_s8W58D4UC},
  year={2007},
  publisher={Springer}
}

@article{Bell,
  AUTHOR = {J. S. Bell},
  TITLE = {On the Einstein-Podolsky-Rosen Paradox},
  JOURNAL = {Physics},
  YEAR = {1964},
  VOLUME = {1},
  PAGES = {195--200},
  ROPSECTIONS = {QUANTPHYS}
}


@book{Khrennikov_information,
   author = {Khrennikov, Andrei},
   institution = {Växjö University, School of Mathematics and Systems Engineering},
   pages = {86--97, 138--151},
   publisher = {Fizmatlit, Nauka},
   title = {Introduction to quantum information theory},
   year = {2008}
}
